%
% Modified by Sameer Vijay
% Last Change: Wed Jul 27 2005 13:00 CEST
%
@unpublished{DingNieCompetitivePlan2013,
  author = "Ding Nie",
  title  = "Competitive Plan",
  note   = "Unpublished Report",
  month  = "Dec.",
  year   = "2013"
}

@article{QingZhaoandBMSadler2007,
  author  = "Qing Zhao and B.M. Sadler",
  title   = "A Survey of Dynamic Spectrum Access",
  journal = "IEEE Signal Processing Magazine",
  year    = "2007",
  volume  = "24",
  pages   = "79-89",
  month   = "May"
}

@techreport{PCASTSpectrumReport2013,
  title       = "Realizing the Full Potential of Government-Held Spectrum to Spur Economic Growth",
  institution = "President's Council of Advisors on Science and  Technology (PCAST) ",
  year        = "2013",
  type        = "Report to the president",
  month       = "July",
}

@article{LeeAndHaenggi2012,
	Author = {C. Lee and M. Haenggi},
	Journal = {IEEE Trans. on Wireless Commun},
	Month = {April},
	Number = {5},
	Pages = {1392--1401},
	Title = {Interference and Outage in {Poisson} Cognitive Networks},
	Volume = {11},
	Year = {2012}
}

@article{IMitolaJandJMaguire1999,
  author  = "I. Mitola, J. and J. Maguire, G. Q.",
  title   = "Cognitive radio: making software radios more personal",
  journal = "IEEE Personal Communication Magazine",
  year    = "1999",
  volume  = "6",
  number  = "4",
  pages   = "13-18",
  month   = "Aug"
}

@techreport{FederalCommunicationsCommission:2005,
  author      = "FCC",
  title       = "Notice of proposed rule making and order: Facilitating opportunities for flexible, efficient, and reliable spectrum use employing cognitive radio technologies",
  institution = "Federal Communications Commission",
  year        = "2005",
  type        = "ET Docket",
  number      = "03-108",
  month       = "Feb."
}

@article{GoldsmithANDJafarANDMaric2009,
	Author = {A. Goldsmith and S. A. Jafar and I. Maric and S. Srinivasa},
	Journal = {Proc. IEEE},
	Month = {April},
	Number = {5},
	Pages = {894--914},
	Title = {Breaking spectrum gridlock with cognitive radios: an information theoretic perspective},
	Volume = {97},
	Year = {2009}
}

@techreport{Strickling2012,
  author      = "R. Blank and A. Secretary and  L. Strickling",
  title       = "Third Interim Progress Report on the  Ten Year Plan and Timetable",
  institution = "National Telecommunications and Information Administration (NTIA)",
  year        = "2012",
  month       = "Nov."
}

@article{LLuYLi2012,
  author  = "L. Lu and X. Zhou and U. Onunkwo and Y. Li",
  title   = "Ten years of research in spectrum sensing and sharing in cognitive radio",
  journal = "EURASIP Journal on Wireless Communications and Networking",
  year    = "2012",
  month   = "Jan."
}


@misc{FanZhang2013,
  author       = "Fan Zhang",
  title        = "State Machine Design and Implementation for {DARPA} {S}pectrum {C}hallenge",
  howpublished = "Qualifying Exam Reports",
  month        = "Aug.",
  year         = "2013"
}

@misc{MingmingCai2013,
  author       = "Mingming Cai",
  title        = "Competitive Match Design for Wildcard Selection of {DARPA} {S}pectrum {C}hallenge",
  howpublished = "Qualifying Exam Reports",
  month        = "Aug.",
  year         = "2013"
}

@misc{ChaoLuo2013,
  author       = "Chao Luo",
  title        = "Cooperative Match Design for Wildcard Selection of {DARPA} {S}pectrum {C}hallenge",
  howpublished = "Qualifying Exam Reports",
  month        = "Aug.",
  year         = "2013"
}


@Misc{DARPASpectrumChallenge,
   author = "DARPA",
   title  = "{DARPA} {S}pectrum {C}hallenge",
   month  = "April",
   year =   "2014",
   howpublished = "Website",
   note =         "\url{http://www.darpa.mil/spectrumchallenge/} [Accessed in April 2014]",
}

@Misc{OrbitLab,
   author = "{Orbit Lab}",
   title  = "{DARPA} {S}pectrum {C}hallenge",
   month  = "April",
   year =   "2014",
   howpublished = "Website",
   note =         "\url{http://www.orbit-lab.org/wiki/DSC#DARPASpectrumChallenge} [Accessed in April 2014]",
}


@Misc{DSCFinalEventResults,
   author = "DARPA",
   title  = "Final Event Results",
   month  = "April",
   year =   "2014",
   howpublished = "Website",
   note =         "\url{http://dtsn.darpa.mil/SpectrumChallenge/Final_Tournament_Status.pdf} [Accessed in April 2014]",
}

@Misc{EttusResearch,
   author =       "Ettus Research",
   month  = "April",
   howpublished = "Website",
   note =         "\url{http://www.ettus.com/} [Accessed in April 2014]",
   year =         "2014",
}


@Misc{GNURadio,
   author =       "{GNU Radio}",
   title =        "Welcome to {GNU} {R}adio",
   month  = "April",
   howpublished = "Website",
   note =         "\url{http://gnuradio.org/redmine/projects/gnuradio/wiki} [Accessed in April 2014]",
   year =         "2014",
}

@article{DimitrisECharilasAthanasiosDPanagopoulos:2010,
  author  = "Dimitris E. Charilas and Athanasios D. Panagopoulos",
  title   = "A survey on game theory applications in wireless networks",
  journal = "Computer Networks",
  year    = "2010"
}

@conference{JuanESurisLuizADaSilvaZhuHanandAllenBMacKenzie2007,
  author    = "Juan E. Suris and Luiz A. DaSilva and Zhu Han and Allen B. MacKenzie",
  title     = "Cooperative Game Theory for Distributed Spectrum Sharing",
  booktitle = " ICC 2007",
  year      = "2007"
}


@article{REtkinandAParekhandDTse2007,
  author  = "R. Etkin and A. Parekh and D. Tse",
  title   = "Spectrum Sharing for unlicensed bands",
  journal = "IEEE Journal on Selected Areas in Communication",
  year    = "2007",
  volume  = "25",
  number  = "3",
  pages   = "517-528",
  month   = "April"
}


@article{ALarmoandMLindstromandMMeyerandGPelletierandJTorsnerandHWiemann2009,
  author  = "A. Larmo and M. Lindstrom and M. Meyer and G. Pelletier and J. Torsner and H. Wiemann",
  title   = "The {LTE} Link Layer Design",
  journal = "IEEE Communications Magazine",
  year    = "2009",
  month   = "April"
}

@book{AndrewTanenbaum2002,
  author    = "Andrew Tanenbaum",
  title     = "Computer Networks",
  publisher = "Prentice Hall",
  year      = "2002",
  edition   = "4th"
}


@Misc{MatlabRand,
   author =       "Mathworks",
   title =        "Rand: Uniformly distributed pseudorandom numbers",
   howpublished = "Website",
   note =         "\url{http://www.mathworks.com/help/matlab/ref/rand.html} [Accessed in April 2014]",
   month  = "April",
   year =         "2014",
}



@inproceedings{M.Wylie-Green:2005,
  author    = "M. Wylie-Green",
  title     = "Dynamic spectrum sensing by multiband {OFDM} radio for interference mitigation",
  booktitle = "Proc. IEEE Int. Symposium on New Frontiers in Dynamic Spectrum Access Networks",
  year      = "2005",
  pages     = "619-625",
  address   = "Baltimore, Maryland, USA",
  month     = "Nov."
}
@inproceedings{A.SahaiandN.HovenandR.Tandra:2004,
  author    = "A. Sahai and N. Hoven and R. Tandra",
  title     = "Some fundamental limits on cognitive radio",
  booktitle = "Proc. Allerton Conf. on Commun., Control, and Computing",
  year      = "2004",
  address   = "Monticello, Illinois",
  month     = "Oct."
}
@inproceedings{M.P.OlivieriandG.BarnettandA.LackpourandA.Davis:2005,
  author    = "M. P. Olivieri and G. Barnett and A. Lackpour and A. Davis",
  title     = "A scalable dynamic spectrum allocation system with interference mitigation for teams of spectrally agile software defined radios",
  booktitle = "Proc. IEEE Int. Symposium on New Frontiers in Dynamic Spectrum Access Networks",
  year      = "2005",
  pages     = "170-179",
  address   = "Baltimore, Maryland, USA",
  month     = "Nov."
}

@article{HanoWangGosanNohDongkyuKimSungtaeKimandDaesikHong2010,
  author  = "Hano Wang and Gosan Noh and Dongkyu Kim and Sungtae Kim and Daesik Hong",
  title   = "Advanced Sensing Techniques of Energy Detection in Cognitive Radios",
  journal = "Journal of Communications and Networks",
  year    = "2010",
  volume  = "12",
  number  = "1",
  month   = "Feb."
}
@Book{JGProakisMasoudSalehi,
  title = 	 "Digital Communication",
  author = 	 "J. G. Proakis and Masoud Salehi",
  publisher ="McGraw-Hill",
  year = 	 "2008",
  Edition = "{4th}"
}
@inproceedings{R.TandraandA.Sahai:2005,
  author    = "R. Tandra and A. Sahai",
  title     = "Fundamental limits on detection in low {SNR} under noise uncertainty",
  booktitle = "Proc. IEEE Int. Conf. Wireless Networks, Commun. and Mobile Computing",
  year      = "2005",
  pages     = "464-469",
  address   = "Maui, HI",
  month     = "June"
}

@inproceedings{DCabricandSMMishraandRWBrodersen2004,
  author    = "D. Cabric and S. M. Mishra and R. W. Brodersen",
  title     = "Implementation issues in spectrum sensing for cognitive radios",
  booktitle = "Asilomar Conference on Signal, System and Computers",
  year      = "2004",
  month     = "Nov."
}

@inproceedings{A.SahaiandR.TandraandS.M.MishraandN.Hoven:2006,
  author    = "A. Sahai and R. Tandra and S. M. Mishra and N. Hoven",
  title     = "Fundamental design tradeoffs in cognitive radio systems",
  booktitle = "Proc. of Int. Workshop on Technology and Policy for Accessing Spectrum",
  year      = "2006",
  month     = "April"
}

@inproceedings{P.D.SuttonandK.E.NolanandL.E.Doyle:2007,
  author    = "P. D. Sutton and K. E. Nolan and L. E. Doyle",
  title     = "Cyclostationary signatures for rendezvous in {OFDM}-based dynamic spectrum access networks",
  booktitle = "Proc. IEEE Int. Symposium on New Frontiers in Dynamic Spectrum Access Networks",
  year      = "2007",
  pages     = "220-231",
  address   = "Dublin, Ireland",
  month     = "April"
}

@article{J.PalicotandC.Roland:2003,
  author  = "J. Palicot and C. Roland",
  title   = "A new concept for wireless reconfigurable receivers",
  journal = "IEEE Communications Magazine",
  year    = "2003",
  volume  = "41",
  number  = "7",
  pages   = "124-132"
}

@Misc{wikipediaDuplex,
   author =       "Wikipedia",
   title =        "Duplex (telecommunications)",
   howpublished = "Website",
   note =         "\url{http://en.wikipedia.org/wiki/Duplex_(telecommunications)} [Accessed in April 2014] [Accessed in April 2014]",
   month  = "April",
   year =         "2014",
}

@Misc{TechoPediaTDD,
   author =       "TechoPedia",
   title =        "Time Division Duplex ({TDD})",
   howpublished = "Website",
   note =         "\url{http://www.techopedia.com/definition/27019/time-division-duplex-tdd} [Accessed in April 2014]",
   month  = "April",
   year =         "2014",
}

@Misc{MoonbLinkTDDFDD,
   author =       "MoonbLink",
   title =        "{TDD} vs. {FDD} and {WiMax}",
   howpublished = "Website",
   note =         "\url{http://www.moonblinkwifi.com/fddvstddwimax.cfm} [Accessed in April 2014]",
   month  = "April",
   year =         "2014",
}

@Misc{GNURadioStreamTags,
   author =       "{GNU Radio}",
   title =        "Stream Tags",
   howpublished = "Website",
   note =         "\url{http://gnuradio.org/doc/doxygen-3.7/page_stream_tags.html} [Accessed in April 2014]",
   month  = "April",
   year =         "2014",
}

@Misc{GNURadioPolymorphicType,
   author =       "{GNU Radio}",
   title =        "Polymorphic Type",
   howpublished = "Website",
   note =         "\url{http://gnuradio.org/redmine/projects/gnuradio/wiki/TypePMT} [Accessed in April 2014]",
   month  = "April",
   year =         "2014",
}




@Book{gnus98:_gerry_ganst,
  title = 	 "Gnus and You: The Art of Being New",
  author = 	 "Gerry Ganston and Gary Greenfield",
  publisher = 	 "Grapping Books, NY",
  year = 	 "1998",
  volume =	 "I",
  month =	 "August",
}

@PhdThesis{greenfield96:_gettin_know_gnu,
  author = 	 "Gary Greenfield",
  title = 	 "Getting to Know Gnu",
  school = 	 "Geoffrey Garfield School of Gnus",
  year = 	 "1996",
  month =	 "August"
}

@Article{gloonson98:_gnuly_discov_gnus,
  author =	 "Gina Gloonston",
  title = 	 "Newly Discovered Gnus: The {L}o{G}",
  journal = 	 "Growing Towards Gnu",
  year = 	 "1998",
  volume =	 "II",
  number =	 "12",
  month =	 "March",
  pages =	 "23-57"
}


@Article{galmira98:_gnus_milit,
  author = 	 "Gohnny Galmira",
  title = 	 "Gnus and the Military -- A Secret Conspiracy?",
  journal = 	 "Growing Towards Gnu",
  year = 	 "1998",
  volume =	 "III",
  number =	 "7",
  pages =	 "22-183",
  month =	 "September"
}

@Misc{gairley2000,
   author =       "Grog van Gairley",
   title =        "Gnu's Review",
   howpublished = "Website",
   note =         "\url{http://www.gairley.gnu} ",
   year =         "2000",
}
